@misc{Cisco_2019,
    title={Cisco IOS Flexible NetFlow},
    author={CISCO},
    howpublished={\url{https://www.cisco.com/c/en/us/products/collateral/ios-nx-os-software/flexible-netflow/product_data_sheet0900aecd804b590b.html}},
    year={2006},
    note={Navštíveno 24.9.2024},
}
@misc{ManageEngine,
    title={What is a NetFlow Collector?},
    author={ManageEngine},
    howpublished={\url{https://www.manageengine.com/products/netflow/what-is-netflow.html?nfa-index-flowtypes}},
    note={Navštíveno 24.9.2024},
} 
@misc{Cisco_datagram,
    title={NetFlow Export Datagram Format},
    author={CISCO},
    howpublished={\url{https://www.cisco.com/c/en/us/td/docs/net_mgmt/netflow_collection_engine/3-6/user/guide/format.html}},
    year={2007},
    note={Navštíveno 24.9.2024},
}
@misc{IBM_header,
    title={NetFlow V5 formats},
    author={IBM},
    howpublished={\url{https://www.ibm.com/docs/en/npi/1.3.1?topic=versions-netflow-v5-formats}},
    year={2022},
    note={Navštíveno 24.9.2024},
}